
@ARTICLE{rise_of_js,
  author={DiPierro, Massimo},
  journal={Computing in Science and Engineering}, 
  title={The Rise of JavaScript}, 
  year={2018},
  volume={20},
  number={1},
  pages={9-10},
  doi={10.1109/MCSE.2018.011111120}}

 @phdthesis{wasm_predecessors,
    title={WebAssembly vs. its predecessors: A comparison of technologies},
    url={http://urn.kb.se/resolve?urn=urn:nbn:se:lnu:diva-97654},
    author={Fredriksson, Stefan},
    year={2020}
}

@article{bringing_up,
author = {Haas, Andreas and Rossberg, Andreas and Schuff, Derek L. and Titzer, Ben L. and Holman, Michael and Gohman, Dan and Wagner, Luke and Zakai, Alon and Bastien, JF},
title = {Bringing the Web up to Speed with WebAssembly},
year = {2017},
issue_date = {June 2017},
publisher = {Association for Computing Machinery},
address = {New York, NY, USA},
volume = {52},
number = {6},
issn = {0362-1340},
url = {https://doi.org/10.1145/3140587.3062363},
doi = {10.1145/3140587.3062363},
journal = {SIGPLAN Not.},
pages = {185–200},
numpages = {16}}

@misc{c_vs_rust,
   author = {Medin, Magnus},
   institution = {Umeå University, Department of Computing Science},
   pages = {11},
   school = {Umeå University, Department of Computing Science},
   title = {Performance comparison between C and Rust compiled to WebAssembly},
   year = {2021}
}

@manual{polybench,
	Organization = {Ohio State University},
    author={Louis-Noel Pouchet and Tomofumi Yuki},
	Title = {polybench Wiki},
    url = {https://sourceforge.net/p/polybench/wiki/Home/},
	Year = 2016}

@manual{meminstructions,
	Organization = {WebAssembly Community Group},
	Title = {Instructions - WebAssembly},
    url = {https://webassembly.github.io/spec/core/syntax/instructions.html},
	Year = 2022}

@book{definitive_guide,
    author = {Brian Sletten},
    year = {2021},
    title = {WebAssembly: The Definitive Guide},
    isbn = {9781492089841},
    editor={O'Reilly Media}
}

@book{metodologia,
author = {Raul Sidnei Wazlawick},
year = {2014},
title = {Metodologia de Pesquisa para Ciência da Computação},
isbn = {978-85-352-7782-1},
editor={Elsevier}
}

@book{gil,
    author = {Antônio Carlos Gil},
    year = {2002},
    title = {Como elaborar projetos de pesquisa},
    isbn = {85-224-3169-8},
    editor={Atlas SA},
}

@InProceedings{prevalence_in_wild,
    author={Musch, Marius and Wressnegger, Christian and Johns, Martin and Rieck, Konrad},
    title={New Kid on the Web: A Study on the Prevalence of WebAssembly in the Wild},
    year= {2019},
    publisher= {Springer International Publishing},
    isbn={978-3-030-22038-9},
    doi = {10.1007/978-3-030-22038-9_2},
}

@inproceedings{real_world_binaries,
    author = {Hilbig, Aaron and Lehmann, Daniel and Pradel, Michael},
    title = {An Empirical Study of Real-World WebAssembly Binaries: Security, Languages, Use Cases},
    year = {2021},
    isbn = {9781450383127},
    publisher = {Association for Computing Machinery},
    url = {https://doi.org/10.1145/3442381.3450138},
    doi = {10.1145/3442381.3450138},
}

=======================================================================

@article{greenwade93,
    author  = "George D. Greenwade",
    title   = "The {C}omprehensive {T}ex {A}rchive {N}etwork ({CTAN})",
    year    = "1993",
    journal = "TUGBoat",
    volume  = "14",
    number  = "3",
    pages   = "342--351"
}

@article{mohamed2024hands,
  title={Hands-on analysis of using large language models for the auto evaluation of programming assignments},
  author={Mohamed, Kareem and Yousef, Mina and Medhat, Walaa and Mohamed, Ensaf Hussein and Khoriba, Ghada and Arafa, Tamer},
  journal={Information Systems},
  pages={102473},
  year={2024},
  publisher={Elsevier}
}

@inproceedings{liew2024automated,
  title={On Automated Essay Grading using Large Language Models},
  author={Liew, Pei Yee and Tan, Ian KT},
  booktitle={Proceedings of the 2024 8th International Conference on Computer Science and Artificial Intelligence},
  pages={204--211},
  year={2024}
}

@article{griboski2012enade,
  title={O Enade como indutor da qualidade da educa{\c{c}}{\~a}o superior},
  author={Griboski, Claudia Maffini},
  journal={Est. Aval. Educ},
  pages={178--195},
  year={2012}
}

@misc{brasil2004,
  author = {Brasil},
  title = {Lei nº 10.861, de 14 de abril de 2004. Institui o Sistema Nacional de Avaliação da Educação Superior – SINAES e dá outras providências},
  year = {2004},
  howpublished = {\url{https://www.planalto.gov.br/ccivil_03/_ato2004-2006/2004/lei/l10.861.htm}},
  note = {Acesso em: 2 jun. 2025}
}

@book{dias2003,
  author = {Dias Sobrinho, José},
  title = {Avaliação da educação superior: democracia e construção da autonomia},
  year = {2003},
  publisher = {Cortez},
  address = {São Paulo}
}

@misc{inep2023,
  author = {Instituto Nacional de Estudos e Pesquisas Educacionais Anísio Teixeira (INEP)},
  title = {Guia ENADE 2023},
  year = {2023},
  howpublished = {\url{https://www.gov.br/inep/pt-br/assuntos/avaliacao-e-exames-superiores/enade}},
  note = {Acesso em: 2 jun. 2025}
}

@article{raposo2024avaliaccao,
  title={Avalia{\c{c}}{\~a}o de LLMS na resolu{\c{c}}{\~a}o de quest{\~o}es do ENEM.},
  author={RAPOSO, Lucas Brasileiro and others},
  year={2024},
  publisher={Universidade Federal de Campina Grande}
}

@mastersthesis{peres2023grandes,
  title={Grandes Modelos de Linguagem na resolu{\c{c}}{\~a}o de quest{\~o}es de vestibular: o caso dos institutos militares brasileiros},
  author={Peres, Rodrigo Silva},
  year={2023}
}

@misc{eze2025,
  author       = {Lucky Eze},
  title        = {O que são Large Language Models (LLM)? --- bureauworks.com},
  howpublished = {\texttt{https://www.bureauworks.com/pt/blog/o-que-e-large-language-models-llm}},
  year         = {2025},
  note         = {[Acessado em 04-06-2025]},
}


@book{jurafsky2023slp,
  author    = {Daniel Jurafsky and James H. Martin},
  title     = {Speech and Language Processing},
  edition   = {3},
  year      = {2023},
  note      = {(draft)},
  url       = {https://web.stanford.edu/~jurafsky/slp3/},
  howpublished = {\url{https://web.stanford.edu/~jurafsky/slp3/}},
  urldate   = {2025-06-09}
}

@misc{historyofinformationFirstPublic,
	author = {Jeremy M. Norman},
	title = {{T}he {F}irst {P}ublic {D}emonstration of {M}achine {T}ranslation {O}ccurs : {H}istory of {I}nformation --- historyofinformation.com},
	howpublished = {\url{https://www.historyofinformation.com/detail.php?id=666}},
	year = {2025},
	note = {[Accessed 09-06-2025]},
}

@misc{elizachat,
	author = {Michael Wallace},
	title = {{E}liza, a chatbot therapist --- web.njit.edu},
	howpublished = {\url{https://web.njit.edu/~ronkowit/eliza.html}},
	year = {2016},
	note = {[Accessed 09-06-2025]},
}

@misc{shrdlu2025,
	author = {Ali A. Reihani},
	title = {Understanding SHRDLU: A Pioneering AI in Language and Reasoning},
	howpublished = {\url{https://cryptlabs.com/understanding-shrdlu-a-pioneering-ai-in-language-and-reasoning/}},
	year = {2025},
	note = {[Accessed 09-06-2025]},
}

@book{jelinek1997statistical,
  title={Statistical Methods for Speech Recognition},
  author={Jelinek, Frederick},
  year={1997},
  publisher={MIT press}
}

@article{brown1993mathematics,
  title={The mathematics of statistical machine translation: Parameter estimation},
  author={Brown, Peter F and Pietra, Stephen A. Della and Pietra, Vincent J. Della and Mercer, Robert L},
  journal={Computational linguistics},
  volume={19},
  number={2},
  pages={263--311},
  year={1993}
}

@inproceedings{grishman1996muc6,
  title={Message Understanding Conference—6: A Brief History},
  author={Grishman, Ralph and Sundheim, Beth},
  booktitle={COLING 1996 Volume 1: The 16th International Conference on Computational Linguistics},
  year={1996}
}

@article{marcus1993treebank,
  title={Building a large annotated corpus of English: The Penn Treebank},
  author={Marcus, Mitchell P and Marcinkiewicz, Mary Ann and Santorini, Beatrice},
  journal={Computational linguistics},
  volume={19},
  number={2},
  pages={313--330},
  year={1993}
}

@book{jurafsky2023slp3,
  title={Speech and Language Processing},
  author={Jurafsky, Daniel and Martin, James H.},
  edition={3},
  year={2023},
  note={Draft version},
  url={https://web.stanford.edu/~jurafsky/slp3/},
  urldate={2025-06-09}
}

@article{bengio2003neural,
  title={A neural probabilistic language model},
  author={Bengio, Yoshua and Ducharme, Réjean and Vincent, Pascal and Jauvin, Christian},
  journal={Journal of machine learning research},
  volume={3},
  pages={1137--1155},
  year={2003}
}

@inproceedings{koehn2007moses,
  title={Moses: Open source toolkit for statistical machine translation},
  author={Koehn, Philipp and Hoang, Hieu and Birch, Alexandra and Callison-Burch, Chris and Federico, Marcello and Bertoldi, Nicola and Cowan, Brooke and Shen, Wade and Moran, Christine and Zens, Richard and others},
  booktitle={Proceedings of the ACL 2007 Demo and Poster Sessions},
  pages={177--180},
  year={2007}
}

@inproceedings{lafferty2001crf,
  title={Conditional Random Fields: Probabilistic Models for Segmenting and Labeling Sequence Data},
  author={Lafferty, John and McCallum, Andrew and Pereira, Fernando CN},
  booktitle={Proceedings of the 18th International Conference on Machine Learning (ICML)},
  pages={282--289},
  year={2001}
}

@inproceedings{bahdanau2015attention,
  title={Neural Machine Translation by Jointly Learning to Align and Translate},
  author={Bahdanau, Dzmitry and Cho, Kyunghyun and Bengio, Yoshua},
  booktitle={International Conference on Learning Representations (ICLR)},
  year={2015}
}

@inproceedings{cho2014rnn,
  title={Learning Phrase Representations using RNN Encoder–Decoder for Statistical Machine Translation},
  author={Cho, Kyunghyun and Van Merri{\"e}nboer, Bart and Gulcehre, Caglar and Bahdanau, Dzmitry and Bougares, Fethi and Schwenk, Holger and Bengio, Yoshua},
  booktitle={Proceedings of the 2014 Conference on Empirical Methods in Natural Language Processing (EMNLP)},
  pages={1724--1734},
  year={2014}
}

@article{mikolov2013word2vec,
  title={Efficient Estimation of Word Representations in Vector Space},
  author={Mikolov, Tomas and Chen, Kai and Corrado, Greg and Dean, Jeffrey},
  journal={arXiv preprint arXiv:1301.3781},
  year={2013}
}

@inproceedings{pennington2014glove,
  title={GloVe: Global Vectors for Word Representation},
  author={Pennington, Jeffrey and Socher, Richard and Manning, Christopher D},
  booktitle={Proceedings of the 2014 Conference on Empirical Methods in Natural Language Processing (EMNLP)},
  pages={1532--1543},
  year={2014}
}

@inproceedings{tang2015lstm,
  title={Effective LSTMs for Target-Dependent Sentiment Classification},
  author={Tang, Duyu and Qin, Bing and Liu, Ting},
  booktitle={Proceedings of COLING 2015},
  pages={3298--3307},
  year={2015}
}

@article{vaswani2017attention,
  title={Attention is All You Need},
  author={Vaswani, Ashish and others},
  journal={Advances in Neural Information Processing Systems},
  year={2017}
}

@article{devlin2018bert,
  title={BERT: Pre-training of Deep Bidirectional Transformers for Language Understanding},
  author={Devlin, Jacob and Chang, Ming-Wei and Lee, Kenton and Toutanova, Kristina},
  journal={arXiv preprint arXiv:1810.04805},
  year={2018}
}

@article{radford2019gpt2,
  title={Language Models are Unsupervised Multitask Learners},
  author={Radford, Alec and Wu, Jeffrey and Child, Rewon and others},
  journal={OpenAI},
  year={2019}
}

@article{brown2020language,
  title={Language Models are Few-Shot Learners},
  author={Brown, Tom and Mann, Benjamin and Ryder, Nick and others},
  journal={Advances in Neural Information Processing Systems},
  year={2020}
}

@article{nunes2023evaluating,
  title={Evaluating GPT-3.5 and GPT-4 models on Brazilian university admission exams},
  author={Nunes, Desnes and Primi, Ricardo and Pires, Ramon and Lotufo, Roberto and Nogueira, Rodrigo},
  journal={arXiv preprint arXiv:2303.17003},
  year={2023}
}

@article{viegas2024avaliando,
  title={Avaliando a capacidade de LLMS na resolução de questões do POSCOMP.},
  author={Viegas, Cayo Vinicíus and others},
  year={2024},
  publisher={Universidade Federal de Campina Grande}
}

@article{raposo2024avaliaccao,
  title={Avalia{\c{c}}{\~a}o de LLMS na resolu{\c{c}}{\~a}o de quest{\~o}es do ENEM.},
  author={RAPOSO, Lucas Brasileiro and others},
  year={2024},
  publisher={Universidade Federal de Campina Grande}
}

@inproceedings{rodrigues2025llms,
  title={LLMs Performance in Answering Educational Questions in Brazilian Portuguese: A Preliminary Analysis on LLMs Potential to Support Diverse Educational Needs},
  author={Rodrigues, Luiz and Xavier, Cleon and Costa, Newarney and Batista, Hyan and Silva, Luiz Felipe Bagnhuk and Chaleghi de Melo, Weslei and Gasevic, Dragan and Ferreira Mello, Rafael},
  booktitle={Proceedings of the 15th International Learning Analytics and Knowledge Conference},
  pages={865--871},
  year={2025}
}